<?xml version="1.0" encoding="UTF-8"?>
<collection xmlns:xsi="http://www.w3.org/2001/XMLSchema-instance" xsi:schemaLocation="http://www.loc.gov/MARC21/slim http://www.loc.gov/standards/marcxml/schema/MARC21slim.xsd" xmlns="http://www.loc.gov/MARC21/slim">
<record>
  <leader>01531cam a2200325   4500</leader>
  <controlfield tag="001">3071338</controlfield>
  <controlfield tag="003">NNC</controlfield>
  <controlfield tag="005">20130426015403.0</controlfield>
  <controlfield tag="008">810910s1936    sy       b    000 0 ara c</controlfield>
  <datafield tag="010" ind1=" " ind2=" ">
    <subfield code="a">a  42001391 </subfield>
  </datafield>
  <datafield tag="035" ind1=" " ind2=" ">
    <subfield code="a">(OCoLC)ocm07750408</subfield>
  </datafield>
  <datafield tag="035" ind1=" " ind2=" ">
    <subfield code="9">ATP4297CU</subfield>
  </datafield>
  <datafield tag="035" ind1=" " ind2=" ">
    <subfield code="a">(NNC)3071338</subfield>
  </datafield>
  <datafield tag="040" ind1=" " ind2=" ">
    <subfield code="a">New York. Public library</subfield>
    <subfield code="c">COO</subfield>
    <subfield code="d">ZCU</subfield>
  </datafield>
  <datafield tag="041" ind1="0" ind2=" ">
    <subfield code="a">arafre</subfield>
  </datafield>
  <datafield tag="082" ind1=" " ind2=" ">
    <subfield code="a">189.3</subfield>
  </datafield>
  <datafield tag="099" ind1=" " ind2=" ">
    <subfield code="a">893.7Ib579</subfield>
    <subfield code="a">R413</subfield>
  </datafield>
  <datafield tag="100" ind1="1" ind2=" ">
    <subfield code="a">Ibn Ṭufayl, Muḥammad ibn ʻAbd al-Malik,</subfield>
    <subfield code="d">-1185.</subfield>
  </datafield>
  <datafield tag="245" ind1="1" ind2="0">
    <subfield code="a">Hayy ben Yaqdhân;</subfield>
    <subfield code="b">roman philosophique d'Ibn Thofaïl.  Texte arabe avec les variantes des manuscrits et de plusieurs éditions et traduction française.</subfield>
  </datafield>
  <datafield tag="250" ind1=" " ind2=" ">
    <subfield code="a">2e éd. rev.,</subfield>
    <subfield code="b">augm. et complètement remaniée, par Léon Gauthier.</subfield>
  </datafield>
  <datafield tag="260" ind1=" " ind2=" ">
    <subfield code="a">Beyrouth,</subfield>
    <subfield code="b">Imprimerie catholique,</subfield>
    <subfield code="c">1936.</subfield>
  </datafield>
  <datafield tag="300" ind1=" " ind2=" ">
    <subfield code="a">3 p. leaves, [iii]-xxxiv, 193, [188] p., 2 leaves</subfield>
    <subfield code="c">25 cm.</subfield>
  </datafield>
  <datafield tag="490" ind1="1" ind2=" ">
    <subfield code="a">Institut d'études orientales de la Faculté des lettres d'Alger. [Publications] ;</subfield>
    <subfield code="v">III</subfield>
  </datafield>
  <datafield tag="500" ind1=" " ind2=" ">
    <subfield code="a">French and Arabic, the latter with Arabic paging.</subfield>
  </datafield>
  <datafield tag="500" ind1=" " ind2=" ">
    <subfield code="a">"La deuxième édition ... que nous publions ici, diffère considérablement de la première, éditée en 1900, et constitue, en somme, une œuvre nouvelle."--Introd.</subfield>
  </datafield>
  <datafield tag="504" ind1=" " ind2=" ">
    <subfield code="a">"Liste alphabétique des ouvrages cités": p. [143]-156.</subfield>
  </datafield>
  <datafield tag="650" ind1=" " ind2="0">
    <subfield code="a">Philosophy, Arab.</subfield>
  </datafield>
  <datafield tag="700" ind1="1" ind2=" ">
    <subfield code="a">Gauthier, Léon,</subfield>
    <subfield code="d">1862-1949,</subfield>
    <subfield code="e">editor,</subfield>
    <subfield code="e">translator.</subfield>
  </datafield>
  <datafield tag="830" ind1=" " ind2="0">
    <subfield code="a">Publications de l'Institut d'études orientales de la Faculté des lettres d'Alger ;</subfield>
    <subfield code="v">3.</subfield>
  </datafield>
  <datafield tag="955" ind1=" " ind2=" ">
    <subfield code="b">CU58871268</subfield>
    <subfield code="d">off,glx</subfield>
    <subfield code="e">893.7Ib579 R413</subfield>
  </datafield>
</record>
</collection>